@book{FCinProb,
    title = {A first Course in Probability},
    author = {Shaldon Ross},
    edition ={8},
    publisher ={Pearson},
    year = {2010},
}

@book{SPSMR,
    title = {Stochastic Process},
    author = {Sheldon M. Ross},
    edition = {2},
    year = {1996},
    publisher = {Jhon Wily \& Sons}
}

@book{PMSMR,
  title = {Probability Models for Computer Science},
  author = {Shaldon M. Ross},
  edition = {3},
  year = {2006},
  publisher = {Academic Press}
}

@book{IntroductiontoProbability,
  title = {INtroduction to Probability},
  author = {Josepk K. Blitzstein, Jessica Hwang},
  edition = {2},
  year = {2015},
  publisher = {CRC Press}
}

@misc{creatorOfMarkovChain,
    author = {Eugene Seneta},
    title = {MARKOV AND THE CREATION OF MARKOV CHAINS},
    howpublished = {\url{https://www.maths.usyd.edu.au/u/eseneta/senetamcfinal.pdf}},
}

@misc{Fariha,
author = {Fariha Mahfuz},
title = {MARKOV CHAINS AND THEIR APPLICATIONS},
howpublished = {\url{https://scholarworks.uttyler.edu/cgi/viewcontent.cgi?article=1010&context=math_grad}},
year = {2020},
}

@misc{wikipedia,
  author       = {wikipedia},
  howpublished = {\url{https://en.wikipedia.org/wiki/Markov_chain}},
}

